<?xml version="1.0" encoding="UTF-8"?><collection xmlns="http://www.loc.gov/MARC21/slim"><record><leader>00330nam--2200121-i-4500</leader><controlfield tag="001">000013638</controlfield><controlfield tag="002">20161230</controlfield><controlfield tag="005">20161230201030</controlfield><controlfield tag="008">060222s1000------------r-----000-0-eng-d</controlfield><datafield ind1=" " ind2=" " tag="245"><subfield code="a">Cumulative index to tha mosbauer effect data index. 1966-1976</subfield></datafield><datafield ind1=" " ind2=" " tag="260"><subfield code="a">New York, Ifi/Plenum, 1979</subfield></datafield><datafield ind1=" " ind2=" " tag="490"><subfield code="a">Vii+358p</subfield></datafield><datafield ind1=" " ind2=" " tag="700"><subfield code="a">Stevens, J.G./S.A.</subfield></datafield></record></collection>